<?xml version="1.0" encoding="UTF-8"?><collection xmlns="http://www.loc.gov/MARC21/slim"><record><leader>00519nam--2200169-i-4500</leader><controlfield tag="001">000024328</controlfield><controlfield tag="002">20161230</controlfield><controlfield tag="005">20161230201035</controlfield><controlfield tag="008">060222s1000------------r-----000-0-eng-d</controlfield><datafield ind1=" " ind2=" " tag="040"><subfield code="a">IFIN-HH</subfield></datafield><datafield ind1=" " ind2=" " tag="080"><subfield code="a">537.222.22:538.95:538.975</subfield></datafield><datafield ind1="1" ind2=" " tag="100"><subfield code="a">Johannessen, J.S</subfield></datafield><datafield ind1="1" ind2="0" tag="245"><subfield code="a">Galvanomagnetic and elastoresistive effects in p-type germanium and germanium films</subfield><subfield code="c">J.s. johannessen</subfield></datafield><datafield ind1=" " ind2=" " tag="260"><subfield code="a">Trondheim</subfield><subfield code="b">The University Of Trondheim</subfield></datafield><datafield ind1=" " ind2=" " tag="300"><subfield code="a">/PAG.DIF.</subfield></datafield><datafield ind1=" " ind2=" " tag="852"><subfield code="a">75073</subfield><subfield code="c">537.311.33</subfield></datafield><datafield ind1=" " ind2=" " tag="CAT"><subfield code="a">Sys</subfield><subfield code="c">20110728</subfield><subfield code="h">164444</subfield></datafield></record></collection>